%YAML 1.1
%TAG !u! tag:unity3d.com,2011:
--- !u!1 &585875264
GameObject:
  m_ObjectHideFlags: 0
  m_CorrespondingSourceObject: {fileID: 0}
  m_PrefabInstance: {fileID: 0}
  m_PrefabAsset: {fileID: 0}
  serializedVersion: 6
  m_Component:
  - component: {fileID: 585875265}
  - component: {fileID: 585875266}
  m_Layer: 0
  m_Name: DashTrail
  m_TagString: Untagged
  m_Icon: {fileID: 0}
  m_NavMeshLayer: 0
  m_StaticEditorFlags: 0
  m_IsActive: 1
--- !u!4 &585875265
Transform:
  m_ObjectHideFlags: 0
  m_CorrespondingSourceObject: {fileID: 0}
  m_PrefabInstance: {fileID: 0}
  m_PrefabAsset: {fileID: 0}
  m_GameObject: {fileID: 585875264}
  m_LocalRotation: {x: 0, y: 0, z: 0, w: 1}
  m_LocalPosition: {x: 0, y: 1.95, z: 0}
  m_LocalScale: {x: 1, y: 1, z: 1}
  m_Children: []
  m_Father: {fileID: 8626683984445009086}
  m_RootOrder: 2
  m_LocalEulerAnglesHint: {x: 0, y: 0, z: 0}
--- !u!96 &585875266
TrailRenderer:
  serializedVersion: 2
  m_ObjectHideFlags: 0
  m_CorrespondingSourceObject: {fileID: 0}
  m_PrefabInstance: {fileID: 0}
  m_PrefabAsset: {fileID: 0}
  m_GameObject: {fileID: 585875264}
  m_Enabled: 1
  m_CastShadows: 1
  m_ReceiveShadows: 1
  m_DynamicOccludee: 1
  m_MotionVectors: 0
  m_LightProbeUsage: 0
  m_ReflectionProbeUsage: 0
  m_RayTracingMode: 0
  m_RayTraceProcedural: 0
  m_RenderingLayerMask: 1
  m_RendererPriority: 0
  m_Materials:
  - {fileID: 2100000, guid: ff16fb4a90fe84bec9c8f29698aa0eed, type: 2}
  - {fileID: 2100000, guid: 54538213a935248b8ac1ce7b42140cad, type: 2}
  m_StaticBatchInfo:
    firstSubMesh: 0
    subMeshCount: 0
  m_StaticBatchRoot: {fileID: 0}
  m_ProbeAnchor: {fileID: 0}
  m_LightProbeVolumeOverride: {fileID: 0}
  m_ScaleInLightmap: 1
  m_ReceiveGI: 1
  m_PreserveUVs: 0
  m_IgnoreNormalsForChartDetection: 0
  m_ImportantGI: 0
  m_StitchLightmapSeams: 1
  m_SelectedEditorRenderState: 3
  m_MinimumChartSize: 4
  m_AutoUVMaxDistance: 0.5
  m_AutoUVMaxAngle: 89
  m_LightmapParameters: {fileID: 0}
  m_SortingLayerID: -1550924083
  m_SortingLayer: -2
  m_SortingOrder: 0
  m_Time: 0.5
  m_Parameters:
    serializedVersion: 3
    widthMultiplier: 1
    widthCurve:
      serializedVersion: 2
      m_Curve:
      - serializedVersion: 3
        time: 0.017240278
        value: 0.3074309
        inSlope: 0
        outSlope: 0
        tangentMode: 0
        weightedMode: 0
        inWeight: 0.33333334
        outWeight: 0.33333334
      - serializedVersion: 3
        time: 0.21831441
        value: 0.6799217
        inSlope: -0.061245427
        outSlope: -0.061245427
        tangentMode: 0
        weightedMode: 0
        inWeight: 0.33333334
        outWeight: 0.12214461
      - serializedVersion: 3
        time: 1
        value: 0
        inSlope: -0.049478497
        outSlope: -0.049478497
        tangentMode: 0
        weightedMode: 0
        inWeight: 0.10175322
        outWeight: 0
      m_PreInfinity: 2
      m_PostInfinity: 2
      m_RotationOrder: 4
    colorGradient:
      serializedVersion: 2
      key0: {r: 0.021137413, g: 0.16756336, b: 0.8962264, a: 1}
      key1: {r: 1, g: 1, b: 1, a: 1}
      key2: {r: 1, g: 0.08247183, b: 0, a: 0}
      key3: {r: 0, g: 0, b: 0, a: 0}
      key4: {r: 0, g: 0, b: 0, a: 0}
      key5: {r: 0, g: 0, b: 0, a: 0}
      key6: {r: 0, g: 0, b: 0, a: 0}
      key7: {r: 0, g: 0, b: 0, a: 0}
      ctime0: 6746
      ctime1: 58982
      ctime2: 65535
      ctime3: 0
      ctime4: 0
      ctime5: 0
      ctime6: 0
      ctime7: 0
      atime0: 0
      atime1: 37201
      atime2: 65535
      atime3: 63222
      atime4: 0
      atime5: 0
      atime6: 0
      atime7: 0
      m_Mode: 0
      m_NumColorKeys: 2
      m_NumAlphaKeys: 3
    numCornerVertices: 0
    numCapVertices: 0
    alignment: 0
    textureMode: 0
    shadowBias: 3.59
    generateLightingData: 0
  m_MinVertexDistance: 1
  m_Autodestruct: 0
  m_Emitting: 1
--- !u!1 &1921363155518781819
GameObject:
  m_ObjectHideFlags: 0
  m_CorrespondingSourceObject: {fileID: 0}
  m_PrefabInstance: {fileID: 0}
  m_PrefabAsset: {fileID: 0}
  serializedVersion: 6
  m_Component:
  - component: {fileID: 3655814274610074056}
  m_Layer: 0
  m_Name: GroundCheck
  m_TagString: Untagged
  m_Icon: {fileID: 2974397684917235467, guid: 0000000000000000d000000000000000, type: 0}
  m_NavMeshLayer: 0
  m_StaticEditorFlags: 0
  m_IsActive: 1
--- !u!4 &3655814274610074056
Transform:
  m_ObjectHideFlags: 0
  m_CorrespondingSourceObject: {fileID: 0}
  m_PrefabInstance: {fileID: 0}
  m_PrefabAsset: {fileID: 0}
  m_GameObject: {fileID: 1921363155518781819}
  m_LocalRotation: {x: 0, y: 0, z: 0, w: 1}
  m_LocalPosition: {x: 0, y: 0.03, z: 0}
  m_LocalScale: {x: 1, y: 1, z: 1}
  m_Children: []
  m_Father: {fileID: 8626683984445009086}
  m_RootOrder: 1
  m_LocalEulerAnglesHint: {x: 0, y: 0, z: 0}
--- !u!50 &7957427948113761660
Rigidbody2D:
  serializedVersion: 4
  m_ObjectHideFlags: 0
  m_CorrespondingSourceObject: {fileID: 0}
  m_PrefabInstance: {fileID: 0}
  m_PrefabAsset: {fileID: 0}
  m_GameObject: {fileID: 8626683984445009084}
  m_BodyType: 0
  m_Simulated: 1
  m_UseFullKinematicContacts: 0
  m_UseAutoMass: 0
  m_Mass: 1
  m_LinearDrag: 1
  m_AngularDrag: 0.05
  m_GravityScale: 5
  m_Material: {fileID: 6200000, guid: 14290f93bddfe65489cbbb9d591572d5, type: 2}
  m_Interpolate: 0
  m_SleepingMode: 1
  m_CollisionDetection: 0
  m_Constraints: 4
--- !u!70 &7957427948113761657
CapsuleCollider2D:
  m_ObjectHideFlags: 0
  m_CorrespondingSourceObject: {fileID: 0}
  m_PrefabInstance: {fileID: 0}
  m_PrefabAsset: {fileID: 0}
  m_GameObject: {fileID: 8626683984445009084}
  m_Enabled: 1
  m_Density: 1
  m_Material: {fileID: 6200000, guid: 14290f93bddfe65489cbbb9d591572d5, type: 2}
  m_IsTrigger: 0
  m_UsedByEffector: 0
  m_UsedByComposite: 0
  m_Offset: {x: 0, y: 2.0415618}
  m_Size: {x: 1.03, y: 4.0756}
  m_Direction: 0
--- !u!61 &7957427948113761658
BoxCollider2D:
  m_ObjectHideFlags: 0
  m_CorrespondingSourceObject: {fileID: 0}
  m_PrefabInstance: {fileID: 0}
  m_PrefabAsset: {fileID: 0}
  m_GameObject: {fileID: 8626683984445009084}
  m_Enabled: 1
  m_Density: 1
  m_Material: {fileID: 0}
  m_IsTrigger: 1
  m_UsedByEffector: 0
  m_UsedByComposite: 0
  m_Offset: {x: 0, y: 0}
  m_SpriteTilingProperty:
    border: {x: 0, y: 0, z: 0, w: 0}
    pivot: {x: 0, y: 0}
    oldSize: {x: 0, y: 0}
    newSize: {x: 0, y: 0}
    adaptiveTilingThreshold: 0
    drawMode: 0
    adaptiveTiling: 0
  m_AutoTiling: 0
  serializedVersion: 2
  m_Size: {x: 0.1, y: 0.5}
  m_EdgeRadius: 0
--- !u!114 &4489196625019771434
MonoBehaviour:
  m_ObjectHideFlags: 0
  m_CorrespondingSourceObject: {fileID: 0}
  m_PrefabInstance: {fileID: 0}
  m_PrefabAsset: {fileID: 0}
  m_GameObject: {fileID: 8626683984445009084}
  m_Enabled: 1
  m_EditorHideFlags: 0
  m_Script: {fileID: 11500000, guid: ca64df30f5e6cf0499a3ab498e13c688, type: 3}
  m_Name: 
  m_EditorClassIdentifier: 
  GroundCheck: {fileID: 3655814274610074056}
  Ground:
    serializedVersion: 2
    m_Bits: 1024
  flotLampPointLight: {fileID: 0}
  flotLampSpotLight: {fileID: 0}
  heroEffectLight: {fileID: 0}
  isGrounded: 0
  jumpBntPressed: 0
  isJumping: 0
  dashBntPressed: 0
  isMPRecover: 0
  isLampOn: 0
  isRunning: 0
  isSpotLightOn: 0
  isPointLightOn: 0
  tr: {fileID: 585875266}
  secondJumpCD: 0
  JumpCount: 0
--- !u!1001 &5710861993395769753
PrefabInstance:
  m_ObjectHideFlags: 0
  serializedVersion: 2
  m_Modification:
    m_TransformParent: {fileID: 0}
    m_Modifications:
    - target: {fileID: 557929188731501706, guid: ebea5f8b8163f9a4ab9d9a1b45444e28, type: 3}
      propertyPath: m_SortingLayer
      value: -2
      objectReference: {fileID: 0}
    - target: {fileID: 557929188731501706, guid: ebea5f8b8163f9a4ab9d9a1b45444e28, type: 3}
      propertyPath: m_SortingLayerID
      value: -1550924083
      objectReference: {fileID: 0}
    - target: {fileID: 568238790431564428, guid: ebea5f8b8163f9a4ab9d9a1b45444e28, type: 3}
      propertyPath: m_Bounds.m_Center.x
      value: 0.12012428
      objectReference: {fileID: 0}
    - target: {fileID: 568238790431564428, guid: ebea5f8b8163f9a4ab9d9a1b45444e28, type: 3}
      propertyPath: m_Bounds.m_Center.y
      value: -0.00058972836
      objectReference: {fileID: 0}
    - target: {fileID: 568238790431564428, guid: ebea5f8b8163f9a4ab9d9a1b45444e28, type: 3}
      propertyPath: m_Bounds.m_Extent.x
      value: 0.24758431
      objectReference: {fileID: 0}
    - target: {fileID: 568238790431564428, guid: ebea5f8b8163f9a4ab9d9a1b45444e28, type: 3}
      propertyPath: m_Bounds.m_Extent.y
      value: 0.5840648
      objectReference: {fileID: 0}
    - target: {fileID: 1033345496715685164, guid: ebea5f8b8163f9a4ab9d9a1b45444e28, type: 3}
      propertyPath: m_LocalRotation.w
      value: 0.97143805
      objectReference: {fileID: 0}
    - target: {fileID: 1033345496715685164, guid: ebea5f8b8163f9a4ab9d9a1b45444e28, type: 3}
      propertyPath: m_LocalRotation.x
      value: -0
      objectReference: {fileID: 0}
    - target: {fileID: 1033345496715685164, guid: ebea5f8b8163f9a4ab9d9a1b45444e28, type: 3}
      propertyPath: m_LocalRotation.y
      value: -0
      objectReference: {fileID: 0}
    - target: {fileID: 1033345496715685164, guid: ebea5f8b8163f9a4ab9d9a1b45444e28, type: 3}
      propertyPath: m_LocalRotation.z
      value: -0.23729348
      objectReference: {fileID: 0}
    - target: {fileID: 1033345496715685164, guid: ebea5f8b8163f9a4ab9d9a1b45444e28, type: 3}
      propertyPath: m_LocalEulerAnglesHint.z
      value: -27.454
      objectReference: {fileID: 0}
    - target: {fileID: 1085627186448920337, guid: ebea5f8b8163f9a4ab9d9a1b45444e28, type: 3}
      propertyPath: m_LocalPosition.x
      value: -0.688
      objectReference: {fileID: 0}
    - target: {fileID: 1085627186448920337, guid: ebea5f8b8163f9a4ab9d9a1b45444e28, type: 3}
      propertyPath: m_LocalPosition.y
      value: 2.426
      objectReference: {fileID: 0}
    - target: {fileID: 1803947555798971351, guid: ebea5f8b8163f9a4ab9d9a1b45444e28, type: 3}
      propertyPath: m_Bounds.m_Center.x
      value: 0.041350365
      objectReference: {fileID: 0}
    - target: {fileID: 1803947555798971351, guid: ebea5f8b8163f9a4ab9d9a1b45444e28, type: 3}
      propertyPath: m_Bounds.m_Center.y
      value: 0.002870202
      objectReference: {fileID: 0}
    - target: {fileID: 1803947555798971351, guid: ebea5f8b8163f9a4ab9d9a1b45444e28, type: 3}
      propertyPath: m_Bounds.m_Extent.x
      value: 0.6976934
      objectReference: {fileID: 0}
    - target: {fileID: 1803947555798971351, guid: ebea5f8b8163f9a4ab9d9a1b45444e28, type: 3}
      propertyPath: m_Bounds.m_Extent.y
      value: 1.0134337
      objectReference: {fileID: 0}
    - target: {fileID: 1909848428870711228, guid: ebea5f8b8163f9a4ab9d9a1b45444e28, type: 3}
      propertyPath: m_LocalRotation.w
      value: 0.2420793
      objectReference: {fileID: 0}
    - target: {fileID: 1909848428870711228, guid: ebea5f8b8163f9a4ab9d9a1b45444e28, type: 3}
      propertyPath: m_LocalRotation.x
      value: -0
      objectReference: {fileID: 0}
    - target: {fileID: 1909848428870711228, guid: ebea5f8b8163f9a4ab9d9a1b45444e28, type: 3}
      propertyPath: m_LocalRotation.z
      value: 0.9702565
      objectReference: {fileID: 0}
    - target: {fileID: 1909848428870711228, guid: ebea5f8b8163f9a4ab9d9a1b45444e28, type: 3}
      propertyPath: m_LocalEulerAnglesHint.z
      value: 151.981
      objectReference: {fileID: 0}
    - target: {fileID: 2072055323293734326, guid: ebea5f8b8163f9a4ab9d9a1b45444e28, type: 3}
      propertyPath: m_Bounds.m_Center.x
      value: 0.054929733
      objectReference: {fileID: 0}
    - target: {fileID: 2072055323293734326, guid: ebea5f8b8163f9a4ab9d9a1b45444e28, type: 3}
      propertyPath: m_Bounds.m_Center.y
      value: -0.28629458
      objectReference: {fileID: 0}
    - target: {fileID: 2072055323293734326, guid: ebea5f8b8163f9a4ab9d9a1b45444e28, type: 3}
      propertyPath: m_Bounds.m_Extent.x
      value: 0.44823575
      objectReference: {fileID: 0}
    - target: {fileID: 2072055323293734326, guid: ebea5f8b8163f9a4ab9d9a1b45444e28, type: 3}
      propertyPath: m_Bounds.m_Extent.y
      value: 1.5941482
      objectReference: {fileID: 0}
    - target: {fileID: 2338237632055847195, guid: ebea5f8b8163f9a4ab9d9a1b45444e28, type: 3}
      propertyPath: m_Bounds.m_Center.x
      value: 0.12802428
      objectReference: {fileID: 0}
    - target: {fileID: 2338237632055847195, guid: ebea5f8b8163f9a4ab9d9a1b45444e28, type: 3}
      propertyPath: m_Bounds.m_Center.y
      value: 0.016519606
      objectReference: {fileID: 0}
    - target: {fileID: 2338237632055847195, guid: ebea5f8b8163f9a4ab9d9a1b45444e28, type: 3}
      propertyPath: m_Bounds.m_Extent.x
      value: 0.33266634
      objectReference: {fileID: 0}
    - target: {fileID: 2338237632055847195, guid: ebea5f8b8163f9a4ab9d9a1b45444e28, type: 3}
      propertyPath: m_Bounds.m_Extent.y
      value: 0.40373695
      objectReference: {fileID: 0}
    - target: {fileID: 2527981395275897858, guid: ebea5f8b8163f9a4ab9d9a1b45444e28, type: 3}
      propertyPath: m_SortingLayer
      value: -2
      objectReference: {fileID: 0}
    - target: {fileID: 2527981395275897858, guid: ebea5f8b8163f9a4ab9d9a1b45444e28, type: 3}
      propertyPath: m_SortingLayerID
      value: -1550924083
      objectReference: {fileID: 0}
    - target: {fileID: 2612452129683350272, guid: ebea5f8b8163f9a4ab9d9a1b45444e28, type: 3}
      propertyPath: m_SortingLayer
      value: -2
      objectReference: {fileID: 0}
    - target: {fileID: 2612452129683350272, guid: ebea5f8b8163f9a4ab9d9a1b45444e28, type: 3}
      propertyPath: m_SortingLayerID
      value: -1550924083
      objectReference: {fileID: 0}
    - target: {fileID: 2643616705090754542, guid: ebea5f8b8163f9a4ab9d9a1b45444e28, type: 3}
      propertyPath: m_Bounds.m_Center.x
      value: 0.48954752
      objectReference: {fileID: 0}
    - target: {fileID: 2643616705090754542, guid: ebea5f8b8163f9a4ab9d9a1b45444e28, type: 3}
      propertyPath: m_Bounds.m_Center.y
      value: 0.0212951
      objectReference: {fileID: 0}
    - target: {fileID: 2643616705090754542, guid: ebea5f8b8163f9a4ab9d9a1b45444e28, type: 3}
      propertyPath: m_Bounds.m_Extent.x
      value: 0.33507523
      objectReference: {fileID: 0}
    - target: {fileID: 2880357165289652280, guid: ebea5f8b8163f9a4ab9d9a1b45444e28, type: 3}
      propertyPath: m_LocalRotation.w
      value: 0.99962497
      objectReference: {fileID: 0}
    - target: {fileID: 2880357165289652280, guid: ebea5f8b8163f9a4ab9d9a1b45444e28, type: 3}
      propertyPath: m_LocalRotation.x
      value: -0
      objectReference: {fileID: 0}
    - target: {fileID: 2880357165289652280, guid: ebea5f8b8163f9a4ab9d9a1b45444e28, type: 3}
      propertyPath: m_LocalRotation.y
      value: -0
      objectReference: {fileID: 0}
    - target: {fileID: 2880357165289652280, guid: ebea5f8b8163f9a4ab9d9a1b45444e28, type: 3}
      propertyPath: m_LocalRotation.z
      value: -0.027388204
      objectReference: {fileID: 0}
    - target: {fileID: 2880357165289652280, guid: ebea5f8b8163f9a4ab9d9a1b45444e28, type: 3}
      propertyPath: m_LocalEulerAnglesHint.z
      value: -3.139
      objectReference: {fileID: 0}
    - target: {fileID: 3511785189609166233, guid: ebea5f8b8163f9a4ab9d9a1b45444e28, type: 3}
      propertyPath: m_LocalPosition.x
      value: 0.49278194
      objectReference: {fileID: 0}
    - target: {fileID: 3511785189609166233, guid: ebea5f8b8163f9a4ab9d9a1b45444e28, type: 3}
      propertyPath: m_LocalPosition.y
      value: 0.009594261
      objectReference: {fileID: 0}
    - target: {fileID: 3912306945857947742, guid: ebea5f8b8163f9a4ab9d9a1b45444e28, type: 3}
      propertyPath: m_Bounds.m_Center.x
      value: 0.12425962
      objectReference: {fileID: 0}
    - target: {fileID: 3912306945857947742, guid: ebea5f8b8163f9a4ab9d9a1b45444e28, type: 3}
      propertyPath: m_Bounds.m_Center.y
      value: 0.012187421
      objectReference: {fileID: 0}
    - target: {fileID: 3912306945857947742, guid: ebea5f8b8163f9a4ab9d9a1b45444e28, type: 3}
      propertyPath: m_Bounds.m_Extent.x
      value: 0.34819502
      objectReference: {fileID: 0}
    - target: {fileID: 3912306945857947742, guid: ebea5f8b8163f9a4ab9d9a1b45444e28, type: 3}
      propertyPath: m_Bounds.m_Extent.y
      value: 0.6839447
      objectReference: {fileID: 0}
    - target: {fileID: 3971116968912107272, guid: ebea5f8b8163f9a4ab9d9a1b45444e28, type: 3}
      propertyPath: m_Bounds.m_Center.x
      value: 0.11622368
      objectReference: {fileID: 0}
    - target: {fileID: 3971116968912107272, guid: ebea5f8b8163f9a4ab9d9a1b45444e28, type: 3}
      propertyPath: m_Bounds.m_Center.y
      value: 0.013367206
      objectReference: {fileID: 0}
    - target: {fileID: 3971116968912107272, guid: ebea5f8b8163f9a4ab9d9a1b45444e28, type: 3}
      propertyPath: m_Bounds.m_Extent.x
      value: 0.22547013
      objectReference: {fileID: 0}
    - target: {fileID: 3971116968912107272, guid: ebea5f8b8163f9a4ab9d9a1b45444e28, type: 3}
      propertyPath: m_Bounds.m_Extent.y
      value: 0.35276502
      objectReference: {fileID: 0}
    - target: {fileID: 4105362945620786469, guid: ebea5f8b8163f9a4ab9d9a1b45444e28, type: 3}
      propertyPath: m_Name
      value: Wizard Variant
      objectReference: {fileID: 0}
    - target: {fileID: 4105362945620786469, guid: ebea5f8b8163f9a4ab9d9a1b45444e28, type: 3}
      propertyPath: m_TagString
      value: Player
      objectReference: {fileID: 0}
    - target: {fileID: 4105362945620786471, guid: ebea5f8b8163f9a4ab9d9a1b45444e28, type: 3}
      propertyPath: m_RootOrder
      value: 0
      objectReference: {fileID: 0}
    - target: {fileID: 4105362945620786471, guid: ebea5f8b8163f9a4ab9d9a1b45444e28, type: 3}
      propertyPath: m_LocalScale.x
      value: 0.6
      objectReference: {fileID: 0}
    - target: {fileID: 4105362945620786471, guid: ebea5f8b8163f9a4ab9d9a1b45444e28, type: 3}
      propertyPath: m_LocalScale.y
      value: 0.6
      objectReference: {fileID: 0}
    - target: {fileID: 4105362945620786471, guid: ebea5f8b8163f9a4ab9d9a1b45444e28, type: 3}
      propertyPath: m_LocalPosition.x
      value: -7.39
      objectReference: {fileID: 0}
    - target: {fileID: 4105362945620786471, guid: ebea5f8b8163f9a4ab9d9a1b45444e28, type: 3}
      propertyPath: m_LocalPosition.y
      value: 0.54
      objectReference: {fileID: 0}
    - target: {fileID: 4105362945620786471, guid: ebea5f8b8163f9a4ab9d9a1b45444e28, type: 3}
      propertyPath: m_LocalPosition.z
      value: 0
      objectReference: {fileID: 0}
    - target: {fileID: 4105362945620786471, guid: ebea5f8b8163f9a4ab9d9a1b45444e28, type: 3}
      propertyPath: m_LocalRotation.w
      value: 1
      objectReference: {fileID: 0}
    - target: {fileID: 4105362945620786471, guid: ebea5f8b8163f9a4ab9d9a1b45444e28, type: 3}
      propertyPath: m_LocalRotation.x
      value: -0
      objectReference: {fileID: 0}
    - target: {fileID: 4105362945620786471, guid: ebea5f8b8163f9a4ab9d9a1b45444e28, type: 3}
      propertyPath: m_LocalRotation.y
      value: -0
      objectReference: {fileID: 0}
    - target: {fileID: 4105362945620786471, guid: ebea5f8b8163f9a4ab9d9a1b45444e28, type: 3}
      propertyPath: m_LocalRotation.z
      value: -0
      objectReference: {fileID: 0}
    - target: {fileID: 4105362945620786471, guid: ebea5f8b8163f9a4ab9d9a1b45444e28, type: 3}
      propertyPath: m_LocalEulerAnglesHint.x
      value: 0
      objectReference: {fileID: 0}
    - target: {fileID: 4105362945620786471, guid: ebea5f8b8163f9a4ab9d9a1b45444e28, type: 3}
      propertyPath: m_LocalEulerAnglesHint.y
      value: 0
      objectReference: {fileID: 0}
    - target: {fileID: 4105362945620786471, guid: ebea5f8b8163f9a4ab9d9a1b45444e28, type: 3}
      propertyPath: m_LocalEulerAnglesHint.z
      value: 0
      objectReference: {fileID: 0}
    - target: {fileID: 4151390121187509018, guid: ebea5f8b8163f9a4ab9d9a1b45444e28, type: 3}
      propertyPath: m_Bounds.m_Center.x
      value: 0.121534735
      objectReference: {fileID: 0}
    - target: {fileID: 4151390121187509018, guid: ebea5f8b8163f9a4ab9d9a1b45444e28, type: 3}
      propertyPath: m_Bounds.m_Center.y
      value: 0.04606247
      objectReference: {fileID: 0}
    - target: {fileID: 4151390121187509018, guid: ebea5f8b8163f9a4ab9d9a1b45444e28, type: 3}
      propertyPath: m_Bounds.m_Extent.x
      value: 0.25408006
      objectReference: {fileID: 0}
    - target: {fileID: 4151390121187509018, guid: ebea5f8b8163f9a4ab9d9a1b45444e28, type: 3}
      propertyPath: m_Bounds.m_Extent.y
      value: 0.34750998
      objectReference: {fileID: 0}
    - target: {fileID: 4182233397983112751, guid: ebea5f8b8163f9a4ab9d9a1b45444e28, type: 3}
      propertyPath: m_SortingLayer
      value: -2
      objectReference: {fileID: 0}
    - target: {fileID: 4182233397983112751, guid: ebea5f8b8163f9a4ab9d9a1b45444e28, type: 3}
      propertyPath: m_SortingLayerID
      value: -1550924083
      objectReference: {fileID: 0}
    - target: {fileID: 4198055832968233722, guid: ebea5f8b8163f9a4ab9d9a1b45444e28, type: 3}
      propertyPath: m_SortingLayer
      value: -2
      objectReference: {fileID: 0}
    - target: {fileID: 4198055832968233722, guid: ebea5f8b8163f9a4ab9d9a1b45444e28, type: 3}
      propertyPath: m_SortingLayerID
      value: -1550924083
      objectReference: {fileID: 0}
    - target: {fileID: 4205602541246098239, guid: ebea5f8b8163f9a4ab9d9a1b45444e28, type: 3}
      propertyPath: m_Bounds.m_Center.x
      value: 0.6230193
      objectReference: {fileID: 0}
    - target: {fileID: 4205602541246098239, guid: ebea5f8b8163f9a4ab9d9a1b45444e28, type: 3}
      propertyPath: m_Bounds.m_Center.y
      value: -0.2089377
      objectReference: {fileID: 0}
    - target: {fileID: 4205602541246098239, guid: ebea5f8b8163f9a4ab9d9a1b45444e28, type: 3}
      propertyPath: m_Bounds.m_Extent.x
      value: 0.71256506
      objectReference: {fileID: 0}
    - target: {fileID: 4205602541246098239, guid: ebea5f8b8163f9a4ab9d9a1b45444e28, type: 3}
      propertyPath: m_Bounds.m_Extent.y
      value: 0.7040698
      objectReference: {fileID: 0}
    - target: {fileID: 4414854856236432049, guid: ebea5f8b8163f9a4ab9d9a1b45444e28, type: 3}
      propertyPath: m_SortingLayer
      value: -2
      objectReference: {fileID: 0}
    - target: {fileID: 4414854856236432049, guid: ebea5f8b8163f9a4ab9d9a1b45444e28, type: 3}
      propertyPath: m_SortingLayerID
      value: -1550924083
      objectReference: {fileID: 0}
    - target: {fileID: 4521950761523674988, guid: ebea5f8b8163f9a4ab9d9a1b45444e28, type: 3}
      propertyPath: m_SortingLayer
      value: -2
      objectReference: {fileID: 0}
    - target: {fileID: 4521950761523674988, guid: ebea5f8b8163f9a4ab9d9a1b45444e28, type: 3}
      propertyPath: m_SortingLayerID
      value: -1550924083
      objectReference: {fileID: 0}
    - target: {fileID: 5129182247435871170, guid: ebea5f8b8163f9a4ab9d9a1b45444e28, type: 3}
      propertyPath: m_Bounds.m_Center.x
      value: 0.14908054
      objectReference: {fileID: 0}
    - target: {fileID: 5129182247435871170, guid: ebea5f8b8163f9a4ab9d9a1b45444e28, type: 3}
      propertyPath: m_Bounds.m_Center.y
      value: -0.005482197
      objectReference: {fileID: 0}
    - target: {fileID: 5129182247435871170, guid: ebea5f8b8163f9a4ab9d9a1b45444e28, type: 3}
      propertyPath: m_Bounds.m_Extent.x
      value: 0.22973976
      objectReference: {fileID: 0}
    - target: {fileID: 5129182247435871170, guid: ebea5f8b8163f9a4ab9d9a1b45444e28, type: 3}
      propertyPath: m_Bounds.m_Extent.y
      value: 0.37830794
      objectReference: {fileID: 0}
    - target: {fileID: 5198229685790663705, guid: ebea5f8b8163f9a4ab9d9a1b45444e28, type: 3}
      propertyPath: m_SortingLayer
      value: -2
      objectReference: {fileID: 0}
    - target: {fileID: 5198229685790663705, guid: ebea5f8b8163f9a4ab9d9a1b45444e28, type: 3}
      propertyPath: m_SortingLayerID
      value: -1550924083
      objectReference: {fileID: 0}
    - target: {fileID: 5370826101065243464, guid: ebea5f8b8163f9a4ab9d9a1b45444e28, type: 3}
      propertyPath: m_SortingLayer
      value: -2
      objectReference: {fileID: 0}
    - target: {fileID: 5370826101065243464, guid: ebea5f8b8163f9a4ab9d9a1b45444e28, type: 3}
      propertyPath: m_SortingLayerID
      value: -1550924083
      objectReference: {fileID: 0}
    - target: {fileID: 5465753619310317121, guid: ebea5f8b8163f9a4ab9d9a1b45444e28, type: 3}
      propertyPath: m_SortingLayer
      value: -2
      objectReference: {fileID: 0}
    - target: {fileID: 5465753619310317121, guid: ebea5f8b8163f9a4ab9d9a1b45444e28, type: 3}
      propertyPath: m_SortingLayerID
      value: -1550924083
      objectReference: {fileID: 0}
    - target: {fileID: 5586381276567540874, guid: ebea5f8b8163f9a4ab9d9a1b45444e28, type: 3}
      propertyPath: m_SortingLayer
      value: -2
      objectReference: {fileID: 0}
    - target: {fileID: 5586381276567540874, guid: ebea5f8b8163f9a4ab9d9a1b45444e28, type: 3}
      propertyPath: m_SortingLayerID
      value: -1550924083
      objectReference: {fileID: 0}
    - target: {fileID: 6069236237760524422, guid: ebea5f8b8163f9a4ab9d9a1b45444e28, type: 3}
      propertyPath: m_SortingLayer
      value: -2
      objectReference: {fileID: 0}
    - target: {fileID: 6069236237760524422, guid: ebea5f8b8163f9a4ab9d9a1b45444e28, type: 3}
      propertyPath: m_SortingLayerID
      value: -1550924083
      objectReference: {fileID: 0}
    - target: {fileID: 6105029921168249731, guid: ebea5f8b8163f9a4ab9d9a1b45444e28, type: 3}
      propertyPath: m_Bounds.m_Center.x
      value: 0.1211046
      objectReference: {fileID: 0}
    - target: {fileID: 6105029921168249731, guid: ebea5f8b8163f9a4ab9d9a1b45444e28, type: 3}
      propertyPath: m_Bounds.m_Center.y
      value: 0.07490727
      objectReference: {fileID: 0}
    - target: {fileID: 6105029921168249731, guid: ebea5f8b8163f9a4ab9d9a1b45444e28, type: 3}
      propertyPath: m_Bounds.m_Extent.y
      value: 0.443685
      objectReference: {fileID: 0}
    - target: {fileID: 6449222300052590628, guid: ebea5f8b8163f9a4ab9d9a1b45444e28, type: 3}
      propertyPath: m_LocalRotation.w
      value: -0.043923195
      objectReference: {fileID: 0}
    - target: {fileID: 6449222300052590628, guid: ebea5f8b8163f9a4ab9d9a1b45444e28, type: 3}
      propertyPath: m_LocalRotation.x
      value: -0
      objectReference: {fileID: 0}
    - target: {fileID: 6449222300052590628, guid: ebea5f8b8163f9a4ab9d9a1b45444e28, type: 3}
      propertyPath: m_LocalRotation.z
      value: 0.9990349
      objectReference: {fileID: 0}
    - target: {fileID: 6449222300052590628, guid: ebea5f8b8163f9a4ab9d9a1b45444e28, type: 3}
      propertyPath: m_LocalEulerAnglesHint.z
      value: 185.035
      objectReference: {fileID: 0}
    - target: {fileID: 6639281230268555957, guid: ebea5f8b8163f9a4ab9d9a1b45444e28, type: 3}
      propertyPath: m_Bounds.m_Center.x
      value: 0.118536755
      objectReference: {fileID: 0}
    - target: {fileID: 6639281230268555957, guid: ebea5f8b8163f9a4ab9d9a1b45444e28, type: 3}
      propertyPath: m_Bounds.m_Center.y
      value: -0.038963675
      objectReference: {fileID: 0}
    - target: {fileID: 6639281230268555957, guid: ebea5f8b8163f9a4ab9d9a1b45444e28, type: 3}
      propertyPath: m_Bounds.m_Extent.x
      value: 0.15844305
      objectReference: {fileID: 0}
    - target: {fileID: 6639281230268555957, guid: ebea5f8b8163f9a4ab9d9a1b45444e28, type: 3}
      propertyPath: m_Bounds.m_Extent.y
      value: 0.53739405
      objectReference: {fileID: 0}
    - target: {fileID: 6674427708458982523, guid: ebea5f8b8163f9a4ab9d9a1b45444e28, type: 3}
      propertyPath: m_SortingLayer
      value: -2
      objectReference: {fileID: 0}
    - target: {fileID: 6674427708458982523, guid: ebea5f8b8163f9a4ab9d9a1b45444e28, type: 3}
      propertyPath: m_SortingLayerID
      value: -1550924083
      objectReference: {fileID: 0}
    - target: {fileID: 6822696651234982872, guid: ebea5f8b8163f9a4ab9d9a1b45444e28, type: 3}
      propertyPath: m_SortingLayer
      value: -2
      objectReference: {fileID: 0}
    - target: {fileID: 6822696651234982872, guid: ebea5f8b8163f9a4ab9d9a1b45444e28, type: 3}
      propertyPath: m_SortingLayerID
      value: -1550924083
      objectReference: {fileID: 0}
    - target: {fileID: 6836963755087481031, guid: ebea5f8b8163f9a4ab9d9a1b45444e28, type: 3}
      propertyPath: m_Bounds.m_Center.x
      value: 0.09446764
      objectReference: {fileID: 0}
    - target: {fileID: 6836963755087481031, guid: ebea5f8b8163f9a4ab9d9a1b45444e28, type: 3}
      propertyPath: m_Bounds.m_Center.y
      value: 0.041488647
      objectReference: {fileID: 0}
    - target: {fileID: 6836963755087481031, guid: ebea5f8b8163f9a4ab9d9a1b45444e28, type: 3}
      propertyPath: m_Bounds.m_Extent.x
      value: 0.32799459
      objectReference: {fileID: 0}
    - target: {fileID: 6836963755087481031, guid: ebea5f8b8163f9a4ab9d9a1b45444e28, type: 3}
      propertyPath: m_Bounds.m_Extent.y
      value: 0.5220289
      objectReference: {fileID: 0}
    - target: {fileID: 6995169294913682513, guid: ebea5f8b8163f9a4ab9d9a1b45444e28, type: 3}
      propertyPath: m_SortingLayer
      value: -2
      objectReference: {fileID: 0}
    - target: {fileID: 6995169294913682513, guid: ebea5f8b8163f9a4ab9d9a1b45444e28, type: 3}
      propertyPath: m_SortingLayerID
      value: -1550924083
      objectReference: {fileID: 0}
    - target: {fileID: 7043700547577510260, guid: ebea5f8b8163f9a4ab9d9a1b45444e28, type: 3}
      propertyPath: m_LocalPosition.x
      value: 0.17692803
      objectReference: {fileID: 0}
    - target: {fileID: 7043700547577510260, guid: ebea5f8b8163f9a4ab9d9a1b45444e28, type: 3}
      propertyPath: m_LocalPosition.y
      value: 1.5789527
      objectReference: {fileID: 0}
    - target: {fileID: 7504298709925533890, guid: ebea5f8b8163f9a4ab9d9a1b45444e28, type: 3}
      propertyPath: m_Bounds.m_Center.x
      value: 0.12103462
      objectReference: {fileID: 0}
    - target: {fileID: 7504298709925533890, guid: ebea5f8b8163f9a4ab9d9a1b45444e28, type: 3}
      propertyPath: m_Bounds.m_Center.y
      value: 0.01113224
      objectReference: {fileID: 0}
    - target: {fileID: 7504298709925533890, guid: ebea5f8b8163f9a4ab9d9a1b45444e28, type: 3}
      propertyPath: m_Bounds.m_Extent.x
      value: 0.51801
      objectReference: {fileID: 0}
    - target: {fileID: 7504298709925533890, guid: ebea5f8b8163f9a4ab9d9a1b45444e28, type: 3}
      propertyPath: m_Bounds.m_Extent.y
      value: 0.57500005
      objectReference: {fileID: 0}
    - target: {fileID: 7557055652855153312, guid: ebea5f8b8163f9a4ab9d9a1b45444e28, type: 3}
      propertyPath: m_LocalRotation.w
      value: 0.6024608
      objectReference: {fileID: 0}
    - target: {fileID: 7557055652855153312, guid: ebea5f8b8163f9a4ab9d9a1b45444e28, type: 3}
      propertyPath: m_LocalRotation.x
      value: -0
      objectReference: {fileID: 0}
    - target: {fileID: 7557055652855153312, guid: ebea5f8b8163f9a4ab9d9a1b45444e28, type: 3}
      propertyPath: m_LocalRotation.y
      value: -0
      objectReference: {fileID: 0}
    - target: {fileID: 7557055652855153312, guid: ebea5f8b8163f9a4ab9d9a1b45444e28, type: 3}
      propertyPath: m_LocalRotation.z
      value: -0.7981485
      objectReference: {fileID: 0}
    - target: {fileID: 7557055652855153312, guid: ebea5f8b8163f9a4ab9d9a1b45444e28, type: 3}
      propertyPath: m_LocalEulerAnglesHint.z
      value: -105.907
      objectReference: {fileID: 0}
    - target: {fileID: 7584788064712287714, guid: ebea5f8b8163f9a4ab9d9a1b45444e28, type: 3}
      propertyPath: m_Bounds.m_Center.x
      value: 0.12240867
      objectReference: {fileID: 0}
    - target: {fileID: 7584788064712287714, guid: ebea5f8b8163f9a4ab9d9a1b45444e28, type: 3}
      propertyPath: m_Bounds.m_Center.y
      value: 0.011302233
      objectReference: {fileID: 0}
    - target: {fileID: 7584788064712287714, guid: ebea5f8b8163f9a4ab9d9a1b45444e28, type: 3}
      propertyPath: m_Bounds.m_Extent.x
      value: 0.24995504
      objectReference: {fileID: 0}
    - target: {fileID: 7584788064712287714, guid: ebea5f8b8163f9a4ab9d9a1b45444e28, type: 3}
      propertyPath: m_Bounds.m_Extent.y
      value: 0.54483014
      objectReference: {fileID: 0}
    - target: {fileID: 8494281601293759792, guid: ebea5f8b8163f9a4ab9d9a1b45444e28, type: 3}
      propertyPath: m_SortingLayer
      value: -2
      objectReference: {fileID: 0}
    - target: {fileID: 8494281601293759792, guid: ebea5f8b8163f9a4ab9d9a1b45444e28, type: 3}
      propertyPath: m_SortingLayerID
      value: -1550924083
      objectReference: {fileID: 0}
    - target: {fileID: 9076079380248086835, guid: ebea5f8b8163f9a4ab9d9a1b45444e28, type: 3}
      propertyPath: m_LocalRotation.w
      value: 0.99247795
      objectReference: {fileID: 0}
    - target: {fileID: 9076079380248086835, guid: ebea5f8b8163f9a4ab9d9a1b45444e28, type: 3}
      propertyPath: m_LocalRotation.x
      value: -0
      objectReference: {fileID: 0}
    - target: {fileID: 9076079380248086835, guid: ebea5f8b8163f9a4ab9d9a1b45444e28, type: 3}
      propertyPath: m_LocalRotation.y
      value: -0
      objectReference: {fileID: 0}
    - target: {fileID: 9076079380248086835, guid: ebea5f8b8163f9a4ab9d9a1b45444e28, type: 3}
      propertyPath: m_LocalRotation.z
      value: -0.122423485
      objectReference: {fileID: 0}
    - target: {fileID: 9076079380248086835, guid: ebea5f8b8163f9a4ab9d9a1b45444e28, type: 3}
      propertyPath: m_LocalEulerAnglesHint.z
      value: -14.064
      objectReference: {fileID: 0}
    - target: {fileID: 9163214937053489084, guid: ebea5f8b8163f9a4ab9d9a1b45444e28, type: 3}
      propertyPath: m_Bounds.m_Center.x
      value: 0.121143654
      objectReference: {fileID: 0}
    - target: {fileID: 9163214937053489084, guid: ebea5f8b8163f9a4ab9d9a1b45444e28, type: 3}
      propertyPath: m_Bounds.m_Center.y
      value: 0.011132419
      objectReference: {fileID: 0}
    - target: {fileID: 9163214937053489084, guid: ebea5f8b8163f9a4ab9d9a1b45444e28, type: 3}
      propertyPath: m_Bounds.m_Extent.x
      value: 0.20794007
      objectReference: {fileID: 0}
    - target: {fileID: 9163214937053489084, guid: ebea5f8b8163f9a4ab9d9a1b45444e28, type: 3}
      propertyPath: m_Bounds.m_Extent.y
      value: 0.7150004
      objectReference: {fileID: 0}
    m_RemovedComponents: []
  m_SourcePrefab: {fileID: 100100000, guid: ebea5f8b8163f9a4ab9d9a1b45444e28, type: 3}
--- !u!1 &8626683984445009084 stripped
GameObject:
  m_CorrespondingSourceObject: {fileID: 4105362945620786469, guid: ebea5f8b8163f9a4ab9d9a1b45444e28, type: 3}
  m_PrefabInstance: {fileID: 5710861993395769753}
  m_PrefabAsset: {fileID: 0}
--- !u!4 &8626683984445009086 stripped
Transform:
  m_CorrespondingSourceObject: {fileID: 4105362945620786471, guid: ebea5f8b8163f9a4ab9d9a1b45444e28, type: 3}
  m_PrefabInstance: {fileID: 5710861993395769753}
  m_PrefabAsset: {fileID: 0}
